<?xml version="1.0"?>
<record>
  <leader>01395nas a2200337 a 4500</leader>
  <controlfield tag="001">  2008264012</controlfield>
  <controlfield tag="003">DLC</controlfield>
  <controlfield tag="005">20080117085935.0</controlfield>
  <controlfield tag="006">m        d        </controlfield>
  <controlfield tag="007">cr bn|</controlfield>
  <controlfield tag="008">080116d18841922dcuwr n s     0    0eng c</controlfield>
  <datafield ind1=" " ind2=" " tag="010">
    <subfield code="a">  2008264012</subfield>
  </datafield>
  <datafield ind1=" " ind2=" " tag="035">
    <subfield code="a">(OCoLC)190847351</subfield>
  </datafield>
  <datafield ind1=" " ind2=" " tag="040">
    <subfield code="a">PSt</subfield>
    <subfield code="c">PSt</subfield>
  </datafield>
  <datafield ind1=" " ind2=" " tag="042">
    <subfield code="a">lcd</subfield>
  </datafield>
  <datafield ind1=" " ind2=" " tag="043">
    <subfield code="a">n-us-dc</subfield>
  </datafield>
  <datafield ind1="0" ind2=" " tag="130">
    <subfield code="a">Washington bee (Washington, D.C. : 1884)</subfield>
  </datafield>
  <datafield ind1="1" ind2="4" tag="245">
    <subfield code="a">The Washington bee</subfield>
    <subfield code="h">[electronic resource].</subfield>
  </datafield>
  <datafield ind1="1" ind2="6" tag="246">
    <subfield code="a">Bee</subfield>
  </datafield>
  <datafield ind1=" " ind2=" " tag="260">
    <subfield code="a">Washington, D.C. :</subfield>
    <subfield code="b">Bee Pub. Co.</subfield>
  </datafield>
  <datafield ind1=" " ind2=" " tag="310">
    <subfield code="a">Weekly</subfield>
  </datafield>
  <datafield ind1="1" ind2=" " tag="362">
    <subfield code="a">Print began with: Vol. 3, no. 9 (Aug. 2, 1884); ceased with: v. 41, no. 34 (Jan. 21, 1922).</subfield>
  </datafield>
  <datafield ind1=" " ind2=" " tag="500">
    <subfield code="a">Description based on: Vol. 18, no. 38 (Jan. 6, 1900); title from PDF caption (Library of Congress Chronicling America online collection, viewed Jan. 16, 2008).</subfield>
  </datafield>
  <datafield ind1=" " ind2=" " tag="500">
    <subfield code="a">Latest issue consulted: Vol. 31, no. 31 (Dec. 31, 1910).</subfield>
  </datafield>
  <datafield ind1=" " ind2=" " tag="525">
    <subfield code="a">Some issues accompanied by supplements.</subfield>
  </datafield>
  <datafield ind1=" " ind2="0" tag="650">
    <subfield code="a">African Americans</subfield>
    <subfield code="z">Washington (D.C.)</subfield>
    <subfield code="v">Newspapers.</subfield>
  </datafield>
  <datafield ind1=" " ind2="0" tag="650">
    <subfield code="a">African American newspapers</subfield>
    <subfield code="z">Washington (D.C.)</subfield>
  </datafield>
  <datafield ind1=" " ind2="0" tag="651">
    <subfield code="a">Washington (D.C.)</subfield>
    <subfield code="v">Newspapers.</subfield>
  </datafield>
  <datafield ind1=" " ind2=" " tag="752">
    <subfield code="a">United States</subfield>
    <subfield code="b">District of Columbia</subfield>
    <subfield code="d">Washington.</subfield>
  </datafield>
  <datafield ind1="0" ind2="8" tag="776">
    <subfield code="i">Issued also in print:</subfield>
    <subfield code="t">Washington bee (Washington, D.C. : 1884)</subfield>
    <subfield code="x">1940-7424</subfield>
    <subfield code="w">(DLC)sn 84025891</subfield>
    <subfield code="w">(OCoLC)10587828</subfield>
  </datafield>
  <datafield ind1="4" ind2="0" tag="856">
    <subfield code="u">http://www.loc.gov/chroniclingamerica/lccn/sn84025891/issues</subfield>
  </datafield>
</record>
